@misc{Lugowski2023FastMatrixMarket,
  author = {Adam Lugowski},
  doi    = {10.5281/zenodo.10223767},
  note   = {(Accessed: December 28, 2023)},
  title  = {fast matrix market: Fast and Full-Featured Matrix Market I/O Library},
  url    = {https://github.com/alugowski/fast_matrix_market},
  year   = 2023
}

@article{Davis2011UFCollection,
  author  = {Timothy A. Davis and Yifan Hu},
  doi     = {10.1145/2049662.2049663},
  journal = {ACM Transactions on Mathematical Software},
  note    = {(Accessed: December 28, 2023)},
  number  = {1},
  pages   = {1:1--1:25},
  title   = {The University of Florida Sparse Matrix Collection},
  volume  = {38},
  year    = 2011
}

@article{Kolodziej2019SuiteSparseInterface,
  author  = {Scott P. Kolodziej and Mohsen Aznaveh and Matthew Bullock and Jarrett David and Timothy A. Davis and Matthew Henderson and Yifan Hu and Read Sandstrom},
  doi     = {10.21105/joss.01244},
  journal = {Journal of Open Source Software},
  note    = {(Accessed: December 28, 2023)},
  number  = {35},
  pages   = {1244--1248},
  title   = {The SuiteSparse Matrix Collection Website Interface},
  volume  = {4},
  year    = 2019
}

